<record xmlns="http://www.loc.gov/MARC21/slim" xmlns:xsi="http://www.w3.org/2001/XMLSchema-instance" xsi:schemaLocation="http://www.loc.gov/MARC21/slim http://www.loc.gov/standards/marcxml/schema/MARC21slim.xsd"><leader>     nam a22        4500</leader><controlfield tag="001">3063572</controlfield><controlfield tag="003">NNC</controlfield><controlfield tag="006">m        d        </controlfield><controlfield tag="007">cr cn |||m|||a</controlfield><controlfield tag="008">150316s1956    sy      o     000 0 ara d</controlfield><datafield ind1=" " ind2=" " tag="040"><subfield code="a">NNU</subfield><subfield code="b">eng</subfield><subfield code="e">rda</subfield><subfield code="c">NNU</subfield></datafield><datafield ind1="1" ind2=" " tag="041"><subfield code="a">ara</subfield><subfield code="h">urd</subfield></datafield><datafield ind1="1" ind2=" " tag="100"><subfield code="a">Maudoodi, Syed Abul &#699;Ala,</subfield><subfield code="d">1903-1979.</subfield></datafield><datafield ind1="1" ind2="0" tag="245"><subfield code="a">Naz&#803;ari&#772;yat al-Isla&#772;m al-khalqi&#772;yah.</subfield></datafield><datafield ind1=" " ind2=" " tag="260"><subfield code="a">Damascus,</subfield><subfield code="b">Maktabat al-Shaba&#772;b al-Muslim</subfield><subfield code="c">[1956]</subfield></datafield><datafield ind1=" " ind2=" " tag="300"><subfield code="a">online resource (71 pages)</subfield></datafield><datafield ind1=" " ind2=" " tag="336"><subfield code="a">text</subfield><subfield code="2">rdacontent</subfield></datafield><datafield ind1=" " ind2=" " tag="337"><subfield code="a">computer</subfield><subfield code="2">rdamedia</subfield></datafield><datafield ind1=" " ind2=" " tag="338"><subfield code="a">online resource</subfield><subfield code="2">rdacarrier</subfield></datafield><datafield ind1=" " ind2=" " tag="500"><subfield code="a">Translated from the Urdu into Arabic by M. Ka&#772;z&#803;im Sabba&#772;q.</subfield></datafield><datafield ind1=" " ind2=" " tag="500"><subfield code="a">Part of the Arabic Collections Online (ACO) project, contributed by Columbia University Libraries.</subfield></datafield><datafield ind1=" " ind2=" " tag="533"><subfield code="a">Electronic reproduction.</subfield><subfield code="b">New York, N.Y. :</subfield><subfield code="c">New York University,</subfield><subfield code="d">2015.</subfield><subfield code="5">NNU</subfield></datafield><datafield ind1=" " ind2="0" tag="650"><subfield code="a">Islam.</subfield></datafield><datafield ind1=" " ind2="7" tag="650"><subfield code="a">Islam.</subfield><subfield code="2">fast</subfield><subfield code="0">(OCoLC)fst00979776</subfield></datafield><datafield ind1="2" ind2=" " tag="710"><subfield code="a">Columbia University.</subfield><subfield code="b">Libraries.</subfield></datafield><datafield ind1="0" ind2=" " tag="730"><subfield code="a">Arabic Collections Online.</subfield></datafield><datafield ind1="0" ind2="8" tag="776"><subfield code="i">Print version:</subfield><subfield code="a">Maudoodi, Syed Abul &#699;Ala, 1903-1979.</subfield><subfield code="t">Naz&#803;ari&#772;yat al-Isla&#772;m al-khalqi&#772;yah</subfield><subfield code="w">(NNC)3063572</subfield><subfield code="w">(OCoLC)42847327</subfield></datafield><datafield ind1="4" ind2="0" tag="856"><subfield code="u">http://hdl.handle.net/2333.1/w6m90841</subfield></datafield><datafield ind1=" " ind2=" " tag="959"><subfield code="a">NNU</subfield><subfield code="b">WEB</subfield><subfield code="c">GENI</subfield><subfield code="t">0</subfield><subfield code="m">Electronic access</subfield><subfield code="s">01</subfield></datafield><datafield ind1=" " ind2=" " tag="999"><subfield code="i">NNC_3063572</subfield><subfield code="o">(OCoLC)ocm42847327 </subfield><subfield code="s">columbia_aco000373</subfield><subfield code="e">(ERROR-880)</subfield></datafield></record>